<record><leader>00000cas a22000007i 4500</leader><controlfield tag="001">887951533</controlfield><controlfield tag="006">m     o  d        </controlfield><controlfield tag="007">cr |n|000|||||</controlfield><controlfield tag="008">880728d18601860ohuwr neo     0   a0eng  </controlfield><datafield ind1=" " ind2=" " tag="010"><subfield code="a">  2014218489</subfield></datafield><datafield ind1=" " ind2=" " tag="040"><subfield code="a">Nz</subfield><subfield code="b">eng</subfield><subfield code="e">rda</subfield><subfield code="c">Z5A</subfield><subfield code="d">DLC</subfield><subfield code="d">OCLCF</subfield></datafield><datafield ind1="0" ind2=" " tag="022"><subfield code="a">2374-720X</subfield><subfield code="2">1</subfield></datafield><datafield ind1="0" ind2=" " tag="029"><subfield code="a">NZ1</subfield><subfield code="b">15558755</subfield></datafield><datafield ind1="1" ind2=" " tag="029"><subfield code="a">NZ1</subfield><subfield code="b">16179230</subfield></datafield><datafield ind1=" " ind2=" " tag="042"><subfield code="a">msc</subfield><subfield code="a">nsdp</subfield></datafield><datafield ind1=" " ind2=" " tag="043"><subfield code="a">n-us-oh</subfield></datafield><datafield ind1="1" ind2="0" tag="050"><subfield code="a">ISSN RECORD</subfield></datafield><datafield ind1="0" ind2="0" tag="082"><subfield code="a">071</subfield><subfield code="2">23</subfield></datafield><datafield ind1="0" ind2=" " tag="130"><subfield code="a">Gazette and Democrat (Lancaster, Ohio : Online)</subfield></datafield><datafield ind1=" " ind2="4" tag="222"><subfield code="a">The gazette and Democrat</subfield><subfield code="b">(Lancaster, Ohio. Online)</subfield></datafield><datafield ind1="1" ind2="4" tag="245"><subfield code="a">The Gazette and Democrat.</subfield></datafield><datafield ind1=" " ind2="1" tag="264"><subfield code="a">Lancaster, Ohio :</subfield><subfield code="b">Scott &amp; Son,</subfield><subfield code="c">1860.</subfield></datafield><datafield ind1=" " ind2=" " tag="300"><subfield code="a">1 online resource</subfield></datafield><datafield ind1=" " ind2=" " tag="310"><subfield code="a">Weekly</subfield></datafield><datafield ind1=" " ind2=" " tag="336"><subfield code="a">text</subfield><subfield code="b">txt</subfield><subfield code="2">rdacontent</subfield></datafield><datafield ind1=" " ind2=" " tag="337"><subfield code="a">computer</subfield><subfield code="b">c</subfield><subfield code="2">rdamedia</subfield></datafield><datafield ind1=" " ind2=" " tag="338"><subfield code="a">online resource</subfield><subfield code="b">cr</subfield><subfield code="2">rdacarrier</subfield></datafield><datafield ind1="1" ind2=" " tag="362"><subfield code="a">Began with vol. 1, no. 1 (April 5, 1860); ceased with vol. 1, no. 32 (Nov. 8, 1860).</subfield></datafield><datafield ind1=" " ind2=" " tag="500"><subfield code="a">Publisher: Clarke, Kooken &amp; Sutphen, August 9-November, 1860.</subfield></datafield><datafield ind1=" " ind2=" " tag="588"><subfield code="a">Description based on: Vol. 1, no. 1 (April 5, 1860); title from masthead</subfield></datafield><datafield ind1=" " ind2=" " tag="588"><subfield code="a">Latest issue consulted: Vol. 1, no. 32 (Nov. 8, 1860)</subfield></datafield><datafield ind1=" " ind2="0" tag="651"><subfield code="a">Lancaster (Ohio)</subfield><subfield code="v">Newspapers.</subfield></datafield><datafield ind1=" " ind2="7" tag="655"><subfield code="a">Newspapers.</subfield><subfield code="2">fast</subfield><subfield code="0">(OCoLC)fst01423814</subfield></datafield><datafield ind1=" " ind2="7" tag="651"><subfield code="a">Ohio</subfield><subfield code="z">Lancaster.</subfield><subfield code="2">fast</subfield><subfield code="0">(OCoLC)fst01231794</subfield></datafield><datafield ind1=" " ind2=" " tag="752"><subfield code="a">United States</subfield><subfield code="b">Ohio</subfield><subfield code="c">Fairfield</subfield><subfield code="d">Lancaster.</subfield></datafield><datafield ind1="0" ind2="8" tag="776"><subfield code="i">Originally issued in print:</subfield><subfield code="t">Gazette and Democrat (Lancaster, Ohio)</subfield><subfield code="x">2374-7196</subfield><subfield code="w">(DLC)sn 88078725</subfield><subfield code="w">(OCoLC)18281270</subfield></datafield><datafield ind1="0" ind2="0" tag="780"><subfield code="t">American Lancaster gazette (Online)</subfield></datafield><datafield ind1="0" ind2="0" tag="785"><subfield code="t">Weekly Lancaster gazette (Lancaster, Ohio : 1860 : Online)</subfield></datafield><datafield ind1="4" ind2="0" tag="856"><subfield code="u">http://www.loc.gov/chroniclingamerica/lccn/sn88078725/issues</subfield></datafield></record>